@article{graph_database_survey,
 author = {Angles, Renzo and Gutierrez, Claudio},
 title = {Survey of Graph Database Models},
 journal = {ACM Comput. Surv.},
 issue_date = {February 2008},
 volume = {40},
 number = {1},
 month = feb,
 year = {2008},
 issn = {0360-0300},
 pages = {1:1--1:39},
 articleno = {1},
 numpages = {39},
 url = {http://doi.acm.org/10.1145/1322432.1322433},
 doi = {10.1145/1322432.1322433},
 acmid = {1322433},
 publisher = {ACM},
 address = {New York, NY, USA},
 keywords = {Database systems, database models, graph database models, graph databases, graph integrity constraints, graph query languages},
}

@inproceedings{load_balancing,
 author = {Khayyat, Zuhair and Awara, Karim and Alonazi, Amani and Jamjoom, Hani and Williams, Dan and Kalnis, Panos},
 title = {Mizan: A System for Dynamic Load Balancing in Large-scale Graph Processing},
 booktitle = {Proceedings of the 8th ACM European Conference on Computer Systems},
 series = {EuroSys '13},
 year = {2013},
 isbn = {978-1-4503-1994-2},
 location = {Prague, Czech Republic},
 pages = {169--182},
 numpages = {14},
 url = {http://doi.acm.org/10.1145/2465351.2465369},
 doi = {10.1145/2465351.2465369},
 acmid = {2465369},
 publisher = {ACM},
 address = {New York, NY, USA},
} 


@article{neo4j,
  title={Neo4J},
  author={Developers, Neo4J},
  journal={Graph NoSQL Database $\{$online$\}$},
  year={2012}
}

@inproceedings{titan,
  title={Titan: a high-performance remote-sensing database},
  author={Chang, Chialin and Moon, Bongki and Acharya, Anurag and Shock, Carter and Sussman, Alan and Saltz, Joel},
  booktitle={Data Engineering, 1997. Proceedings. 13th International Conference on},
  pages={375--384},
  year={1997},
  organization={IEEE}
}

@article{orientdb,
  title={OrientDB},
  author={Developers, OrientDB},
  journal={Hybrid Document-Store and Graph NoSQL Database $\{$online$\}$},
  year={2012}
}

@inproceedings{graph_relational_comparison,
 author = {Vicknair, Chad and Macias, Michael and Zhao, Zhendong and Nan, Xiaofei and Chen, Yixin and Wilkins, Dawn},
 title = {A Comparison of a Graph Database and a Relational Database: A Data Provenance Perspective},
 booktitle = {Proceedings of the 48th Annual Southeast Regional Conference},
 series = {ACM SE '10},
 year = {2010},
 isbn = {978-1-4503-0064-3},
 location = {Oxford, Mississippi},
 pages = {42:1--42:6},
 articleno = {42},
 numpages = {6},
 url = {http://doi.acm.org/10.1145/1900008.1900067},
 doi = {10.1145/1900008.1900067},
 acmid = {1900067},
 publisher = {ACM},
 address = {New York, NY, USA},
} 

@article{redundancy,
 author = {Codd, E. F.},
 title = {A Relational Model of Data for Large Shared Data Banks},
 journal = {Commun. ACM},
 issue_date = {Jan. 1983},
 volume = {26},
 number = {1},
 month = jan,
 year = {1983},
 issn = {0001-0782},
 pages = {64--69},
 numpages = {6},
 url = {http://doi.acm.org/10.1145/357980.358007},
 doi = {10.1145/357980.358007},
 acmid = {358007},
 publisher = {ACM},
 address = {New York, NY, USA},
 keywords = {composition, consistency, data bank, data base, data integrity, data organization, data structure, derivability, hierarchies of data, join, networks of data, predicate calculus, redundancy, relations, retrieval language, security},
} 

